<?xml version="1.0" encoding="UTF-8" ?>
<collection xmlns:xsi="http://www.w3.org/2001/XMLSchema-instance"
    xsi:schemaLocation="http://www.loc.gov/MARC21/slim
        http://www.loc.gov/standards/marcxml/schema/MARC21slim.xsd"
    xmlns="http://www.loc.gov/MARC21/slim">
<record>
  <leader>00262cam a2200505 ia4500</leader>
  <controlfield tag="001">b12378574</controlfield>
  <controlfield tag="003">LeBAU</controlfield>
  <controlfield tag="005">20130925</controlfield>
  <controlfield tag="008">970304s1903    ua            ||0 0 ara d</controlfield>
  <datafield tag="035" ind1=" " ind2=" ">
    <subfield code="a">ocn784291005</subfield>
  </datafield>
  <datafield tag="040" ind1=" " ind2=" ">
    <subfield code="a">LEAUB</subfield>
    <subfield code="b">ara</subfield>
    <subfield code="e">rda</subfield>
    <subfield code="c">LEAUB</subfield>
    <subfield code="d">LEAUB</subfield>
  </datafield>
  <datafield tag="082" ind1="0" ind2="4">
    <subfield code="a">297.207</subfield>
    <subfield code="2">20</subfield>
  </datafield>
  <datafield tag="100" ind1="1" ind2=" ">
    <subfield code="6">880-01</subfield>
    <subfield code="a">Ṭabarī,</subfield>
    <subfield code="d">838?-923,</subfield>
    <subfield code="e">author.</subfield>
  </datafield>
  <datafield tag="240" ind1="1" ind2="0">
    <subfield code="6">880-02</subfield>
    <subfield code="a">Jāmi‘ al-Bayān fī tafsīr al-Qur’ān</subfield>
  </datafield>
  <datafield tag="245" ind1="1" ind2="0">
    <subfield code="6">880-03</subfield>
    <subfield code="a">Tafsīr al-imām al-kabīr wa-al-‘allāmah al-shahīr man aṭbaqat al-’ummah ‘alá taqaddumihi fī al-tafsīr wa-ja‘alathu ḥujjatan idhā waqa‘a al-nizā‘ fī al-ta‘bīr /</subfield>
    <subfield code="c">al-Imām Abī Ja‘far Muḥammad ibn Jurayr al-Ṭabarī al-musammá Jāmi‘ al-Bayān fī tafsīr al-Qur’ān. wa-li-ajl tamām al-naf‘ waḍa‘nā bi-al-hāmish Tafsīr Gharāʼib al-Qurʼān wa-Raghā’ib al-Furqān / lil-‘allāmah Niẓām al-Dīn al-Ḥasan ibn Muḥammad ibn Ḥusayn al-Qamī al-Nīsābūrī.</subfield>
  </datafield>
  <datafield tag="264" ind1=" " ind2="1">
    <subfield code="6">880-04</subfield>
    <subfield code="a">Miṣr :</subfield>
    <subfield code="b">al-Maṭba‘ah al-Maymanīyah,</subfield>
    <subfield code="c">1321 H., [1903? M.]</subfield>
  </datafield>
  <datafield tag="300" ind1=" " ind2=" ">
    <subfield code="6">880-05</subfield>
    <subfield code="a">10 volumes ;</subfield>
    <subfield code="c">28 cm</subfield>
  </datafield>
  <datafield tag="336" ind1=" " ind2=" ">
    <subfield code="a">text</subfield>
    <subfield code="b">txt</subfield>
    <subfield code="2">rdacontent</subfield>
  </datafield>
  <datafield tag="337" ind1=" " ind2=" ">
    <subfield code="a">unmediated</subfield>
    <subfield code="b">n</subfield>
    <subfield code="2">rdamedia</subfield>
  </datafield>
  <datafield tag="338" ind1=" " ind2=" ">
    <subfield code="a">volume</subfield>
    <subfield code="b">nc</subfield>
    <subfield code="2">rdacarrier</subfield>
  </datafield>
  <datafield tag="500" ind1=" " ind2=" ">
    <subfield code="a">30 جزء ببليوغرافي في 10 أجزاء مادية.</subfield>
  </datafield>
  <datafield tag="505" ind1="0" ind2=" ">
    <subfield code="a">الجزء الأول: الجزء الأول والثاني والثالث --الجزء الثاني: الجزء الرابع والخامس والسادس --الجزء الثالث: الجزء السابع والثامن والتاسع --الجزء الرابع: الجزء العاشر والحادي عشر والثاني عشر --الجزء الخامس: الجزء الثالث عشر والرابع عشر والخامس عشر --الجزء السادس: الجزء السادس عشر والسابع عشر والثامن عشر --الجزء السابع: الجزء التاسع عشر والعشرون والحادي والعشرون --الجزء الثامن: الجزء الثاني والعشرون والثالث والعشرون والرابع والعشرون --الجزء التاسع: الجزء الخامس والعشرون والسادس والعشرون والسابع والعشرون --الجزء العاشر: الجزء الثامن والعشرون والتاسع والعشرون والثلاثون.</subfield>
  </datafield>
  <datafield tag="630" ind1="0" ind2="0">
    <subfield code="a">قرآن</subfield>
    <subfield code="x">تفسير وتأويل.</subfield>
  </datafield>
  <datafield tag="630" ind1="0" ind2="0">
    <subfield code="a">Qur'an</subfield>
    <subfield code="x">Hermeneutics.</subfield>
  </datafield>
  <datafield tag="700" ind1="1" ind2="2">
    <subfield code="6">880-06</subfield>
    <subfield code="a">Nīsābūrī, Niẓām al-Dīn al-Ḥasan ibn Muḥammad,</subfield>
    <subfield code="d">-1328 or 1329.</subfield>
    <subfield code="t">Tafsīr Gharāʼib al-Qurʼān wa-Raghāʼib al-Furqān.</subfield>
  </datafield>
  <datafield tag="852" ind1=" " ind2=" ">
    <subfield code="a">Jafet Archives and Special Collections</subfield>
    <subfield code="e">American University of Beirut, Bliss Street, Beirut, ‎Lebanon.‎</subfield>
  </datafield>
  <datafield tag="880" ind1="1" ind2=" ">
    <subfield code="6">100-01/(3/r</subfield>
    <subfield code="a">الطبري،</subfield>
    <subfield code="d">838؟-923،</subfield>
    <subfield code="e">مؤلف. </subfield>
    <subfield code="4">aut.</subfield>
  </datafield>
  <datafield tag="880" ind1="1" ind2="0">
    <subfield code="6">240-02/(3/r</subfield>
    <subfield code="a">جامع البيان في تفسير القرآن</subfield>
  </datafield>
  <datafield tag="880" ind1="1" ind2="0">
    <subfield code="6">245-03/(3/r</subfield>
    <subfield code="a">تفسير الإمام الكبير والعلامة الشهير من أطبقت الأمة على تقدمه في التفسير وجعلته حجة إذا وقع النزاع في التعبير /</subfield>
    <subfield code="c">الإمام أبي جعفر محمد بن جرير الطبري المسمى جامع البيان في تفسير القرآن. ولأجل تمام النفع وضعنا بالهامش تفسير غرائب القرآن ورغائب الفرقان / للعلامة نظام الدين الحسن إبن محمد بن حسين القمي النيسابوري.</subfield>
  </datafield>
  <datafield tag="880" ind1=" " ind2="1">
    <subfield code="6">264-04/(3/r</subfield>
    <subfield code="a">مصر :</subfield>
    <subfield code="b">المطبعة الميمنية،</subfield>
    <subfield code="c">1321هـ.، [1903؟ م.]</subfield>
  </datafield>
  <datafield tag="880" ind1=" " ind2=" ">
    <subfield code="6">300-05/(3/r</subfield>
    <subfield code="a">10 أجزاء ؛</subfield>
    <subfield code="c">28 سم</subfield>
  </datafield>
  <datafield tag="880" ind1="1" ind2="2">
    <subfield code="6">700-06/(3/r</subfield>
    <subfield code="a">النيسابوري، نظام الدين الحسن بن محمد،</subfield>
    <subfield code="d">-1328 أو 1329.</subfield>
    <subfield code="t">تفسير غرائب القرآن ورغائب الفرقان.</subfield>
  </datafield>
  <datafield tag="907" ind1=" " ind2=" ">
    <subfield code="a">.b12378574</subfield>
    <subfield code="b">17-03-02</subfield>
    <subfield code="c">11-05-24</subfield>
  </datafield>
  <datafield tag="907" ind1=" " ind2=" ">
    <subfield code="a">.b12378574</subfield>
    <subfield code="b">11-10-11</subfield>
    <subfield code="c">11-05-24</subfield>
  </datafield>
  <datafield tag="945" ind1=" " ind2=" ">
    <subfield code="f">CA</subfield>
    <subfield code="a">297.207:T11jA:v.4-6:c.1</subfield>
    <subfield code="i">01010403</subfield>
    <subfield code="j">.i12834105</subfield>
    <subfield code="l">u0304</subfield>
  </datafield>
  <datafield tag="945" ind1=" " ind2=" ">
    <subfield code="f">CA</subfield>
    <subfield code="a">297.207:T11jA:v.7-9:c.1</subfield>
    <subfield code="i">01010405</subfield>
    <subfield code="j">.i12834117</subfield>
    <subfield code="l">u0304</subfield>
  </datafield>
  <datafield tag="945" ind1=" " ind2=" ">
    <subfield code="f">CA</subfield>
    <subfield code="a">297.207:T11jA:v.10-12:c.1</subfield>
    <subfield code="i">01010411</subfield>
    <subfield code="j">.i12834129</subfield>
    <subfield code="l">u0304</subfield>
  </datafield>
  <datafield tag="945" ind1=" " ind2=" ">
    <subfield code="f">CA</subfield>
    <subfield code="a">297.207:T11jA:v.13-15:c.1</subfield>
    <subfield code="i">01010412</subfield>
    <subfield code="j">.i12834130</subfield>
    <subfield code="l">u0304</subfield>
  </datafield>
  <datafield tag="945" ind1=" " ind2=" ">
    <subfield code="f">CA</subfield>
    <subfield code="a">297.207:T11jA:v.16-18:c.1</subfield>
    <subfield code="i">01010413</subfield>
    <subfield code="j">.i12834142</subfield>
    <subfield code="l">u0304</subfield>
  </datafield>
  <datafield tag="945" ind1=" " ind2=" ">
    <subfield code="f">CA</subfield>
    <subfield code="a">297.207:T11jA:v.19-21:c.1</subfield>
    <subfield code="i">01010414</subfield>
    <subfield code="j">.i12834154</subfield>
    <subfield code="l">u0304</subfield>
  </datafield>
  <datafield tag="945" ind1=" " ind2=" ">
    <subfield code="f">CA</subfield>
    <subfield code="a">297.207:T11jA:v.22-24:c.1</subfield>
    <subfield code="i">01010415</subfield>
    <subfield code="j">.i12834166</subfield>
    <subfield code="l">u0304</subfield>
  </datafield>
  <datafield tag="945" ind1=" " ind2=" ">
    <subfield code="f">CA</subfield>
    <subfield code="a">297.207:T11jA:v.28-30:c.1</subfield>
    <subfield code="i">01010416</subfield>
    <subfield code="j">.i12834178</subfield>
    <subfield code="l">u0304</subfield>
  </datafield>
  <datafield tag="945" ind1=" " ind2=" ">
    <subfield code="f">CA</subfield>
    <subfield code="a">297.207:T11jA:v.25-27:c.1</subfield>
    <subfield code="i">01010417</subfield>
    <subfield code="j">.i1283418x</subfield>
    <subfield code="l">u0304</subfield>
  </datafield>
  <datafield tag="945" ind1=" " ind2=" ">
    <subfield code="f">CA</subfield>
    <subfield code="a">297.207:T11jA:v.1-3:c.1</subfield>
    <subfield code="i">01010402</subfield>
    <subfield code="j">.i12834099</subfield>
    <subfield code="l">u0304</subfield>
  </datafield>
  <datafield tag="998" ind1=" " ind2=" ">
    <subfield code="a">u03</subfield>
    <subfield code="b">97-03-04</subfield>
    <subfield code="c">m</subfield>
    <subfield code="d">a</subfield>
    <subfield code="e">-</subfield>
    <subfield code="f">ara</subfield>
    <subfield code="g">ua </subfield>
    <subfield code="h">0</subfield>
    <subfield code="i">10</subfield>
  </datafield>
</record>
</collection>
